<record><leader>00000cas a22000007a 4500</leader><controlfield tag="001">10999666</controlfield><controlfield tag="008">840728d18731874ohuwr ne      0    0eng d</controlfield><datafield ind1=" " ind2=" " tag="010"><subfield code="a">sn 84028447 </subfield></datafield><datafield ind1=" " ind2=" " tag="040"><subfield code="a">NPY</subfield><subfield code="b">eng</subfield><subfield code="c">NPY</subfield><subfield code="d">ONP</subfield><subfield code="d">OCLCQ</subfield></datafield><datafield ind1=" " ind2=" " tag="042"><subfield code="a">msc</subfield></datafield><datafield ind1="0" ind2="0" tag="245"><subfield code="a">All around the clock.</subfield></datafield><datafield ind1="3" ind2="0" tag="246"><subfield code="a">All around the clock, Newburgh advocate</subfield></datafield><datafield ind1=" " ind2=" " tag="260"><subfield code="a">Newburgh [Ohio] :</subfield><subfield code="b">H.H. Nelson</subfield></datafield><datafield ind1=" " ind2=" " tag="300"><subfield code="a">v. ;</subfield><subfield code="c">31-53 cm.</subfield></datafield><datafield ind1=" " ind2=" " tag="310"><subfield code="a">Weekly</subfield></datafield><datafield ind1="1" ind2=" " tag="362"><subfield code="a">Began in 1873; ceased in 1874?</subfield><subfield code="z">Cf. Mink, A. Union list of Ohio newspapers, 1946.</subfield></datafield><datafield ind1=" " ind2=" " tag="500"><subfield code="a">Title also known as: All around the clock, Newburgh advocate.</subfield></datafield><datafield ind1=" " ind2=" " tag="500"><subfield code="a">Editor: Harry H. Nelson.</subfield></datafield><datafield ind1=" " ind2=" " tag="588"><subfield code="a">Description based on: Vol. 1, no. 4 (Nov. 14, 1873).</subfield></datafield><datafield ind1="1" ind2=" " tag="700"><subfield code="a">Nelson, Harry H.</subfield></datafield><datafield ind1=" " ind2=" " tag="752"><subfield code="a">United States</subfield><subfield code="b">Ohio</subfield><subfield code="c">Cuyahoga</subfield><subfield code="d">Newburgh.</subfield></datafield><datafield ind1=" " ind2=" " tag="752"><subfield code="a">United States</subfield><subfield code="b">Ohio</subfield><subfield code="c">Cuyahoga</subfield><subfield code="d">Cleveland.</subfield></datafield><datafield ind1="0" ind2="0" tag="785"><subfield code="t">South Cleveland advocate (South Cleveland, Ohio)</subfield><subfield code="w">(DLC)sn 84028319</subfield></datafield><datafield ind1="1" ind2=" " tag="029"><subfield code="a">AU@</subfield><subfield code="b">000025794955</subfield></datafield></record>